
@article{yamazaki_derivative-enhanced_2013,
    title = {Derivative-{Enhanced} {Variable} {Fidelity} {Surrogate} {Modeling} for {Aerodynamic} {Functions}},
    volume = {51},
    issn = {0001-1452, 1533-385X},
    url = {http://arc.aiaa.org/doi/10.2514/1.J051633},
    doi = {10.2514/1.J051633},
    language = {en},
    number = {1},
    urldate = {2018-11-09},
    journal = {AIAA Journal},
    author = {Yamazaki, Wataru and Mavriplis, Dimitri J.},
    month = jan,
    year = {2013},
    pages = {126--137}
}

@article{laurenceau_building_2008,
    title = {Building Efficient Response Surfaces of Aerodynamic Functions with Kriging and Cokriging},
    volume = {46},
    issn = {0001-1452, 1533-385X},
    url = {http://arc.aiaa.org/doi/10.2514/1.32308},
    doi = {10.2514/1.32308},
    language = {en},
    number = {2},
    urldate = {2018-11-09},
    journal = {AIAA Journal},
    author = {Laurenceau, J. and Sagaut, P.},
    month = feb,
    year = {2008},
    pages = {498--507}  
}

@inproceedings{geraci_multifidelity_2017,
    address = {Grapevine, Texas},
    title = {A multifidelity multilevel {Monte} {Carlo} method for uncertainty propagation in aerospace applications},
    isbn = {978-1-62410-452-7},
    url = {http://arc.aiaa.org/doi/10.2514/6.2017-1951},
    doi = {10.2514/6.2017-1951},
    language = {en},
    urldate = {2018-11-09},
    booktitle = {19th {AIAA} {Non}-{Deterministic} {Approaches} {Conference}},
    publisher = {American Institute of Aeronautics and Astronautics},
    author = {Geraci, Gianluca and Eldred, Michael S. and Iaccarino, Gianluca},
    month = jan,
    year = {2017}   
}

@article{forrester_multi-fidelity_2007,
    title = {Multi-fidelity optimization via surrogate modelling},
    volume = {463},
    issn = {1364-5021, 1471-2946},
    doi = {10.1098/rspa.2007.1900},
    language = {en},
    number = {2088},
    urldate = {2018-11-09},
    journal = {Proceedings of the Royal Society A: Mathematical, Physical and Engineering Sciences},
    author = {Forrester, Alexander I.J. and Sóbester, András and Keane, Andy J.},
    month = dec,
    year = {2007},
    pages = {3251--3269}    
}

@techreport{menhorn_multifideliy_nodate,
    title = {Multifidelity Optimization Under Uncertainty for a Scramjet–Inspired Problem},
    language = {en},
    author = {Menhorn, Friedrich M and Geraci, Gianluca and Marzouk, Youssef M},
    year = {2018},
    institution={Sandia National Lab.(SNL-NM), Albuquerque, NM (United States)}
}

@inproceedings{lam_multifidelity_2015,
    address = {Kissimmee, Florida},
    title = {Multifidelity {Optimization} using {Statistical} {Surrogate} {Modeling} for {Non}-{Hierarchical} {Information} {Sources}},
    isbn = {978-1-62410-342-1},
    url = {http://arc.aiaa.org/doi/10.2514/6.2015-0143},
    doi = {10.2514/6.2015-0143},
    language = {en},
    urldate = {2018-11-09},
    booktitle = {56th {AIAA}/{ASCE}/{AHS}/{ASC} {Structures}, {Structural} {Dynamics}, and {Materials} {Conference}},
    publisher = {American Institute of Aeronautics and Astronautics},
    author = {Lam, Rémi and Allaire, Douglas L. and Willcox, Karen E.},
    month = jan,
    year = {2015}
    
}

@article{eldred_multilevel-multidelity_nodate,
    title = {Multilevel-Multiﬁdelity Approaches for Forward {UQ} in the {DARPA} {SEQUOIA} project},
    language = {en},
    author = {Eldred, Michael S and Geraci, Gianluca and Gorodetsky, Alex and Jakeman, John},
    pages = {20}
    
}

@article{ng_multifidelity_2014,
    title = {Multifidelity Approaches for Optimization Under Uncertainty},
    volume = {100},
    issn = {00295981},
    shorttitle = {Multifidelity approaches for optimization under uncertainty},
    language = {en},
    number = {10},
    urldate = {2018-11-09},
    journal = {International Journal for Numerical Methods in Engineering},
    author = {Ng, Leo W. T. and Willcox, Karen E.},
    month = dec,
    year = {2014},
    pages = {746--772}
}

@article{peherstorfer_survey_2018,
    title = {Survey of Multifidelity Methods in Uncertainty Propagation, Inference, and Optimization},
    volume = {60},
    issn = {0036-1445, 1095-7200},
    doi = {10.1137/16M1082469},
    language = {en},
    number = {3},
    urldate = {2018-11-09},
    journal = {SIAM Review},
    author = {Peherstorfer, Benjamin and Willcox, Karen and Gunzburger, Max},
    month = jan,
    year = {2018},
    pages = {550--591}  
}

@article{chaudhuri_multifidelity_2018,
    title = {Multifidelity Uncertainty Propagation via Adaptive Surrogates in Coupled Multidisciplinary Systems},
    volume = {56},
    issn = {0001-1452, 1533-385X},
    url = {https://arc.aiaa.org/doi/10.2514/1.J055678},
    doi = {10.2514/1.J055678},
    language = {en},
    number = {1},
    urldate = {2018-11-09},
    journal = {AIAA Journal},
    author = {Chaudhuri, Anirban and Lam, Remi and Willcox, Karen},
    month = jan,
    year = {2018},
    pages = {235--249}
}

@article{wilson_copula_2010,
    title = {Copula Processes},
    url = {http://papers.nips.cc/paper/4082-copula-processes.pdf},
    urldate = {2018-11-13},
    journal = {Advances in Neural Information Processing Systems 23},
    author = {Wilson, Andrew G and Ghahramani, Zoubin},
    editor = {Lafferty, J. D. and Williams, C. K. I. and Shawe-Taylor, J. and Zemel, R. S. and Culotta, A.},
    year = {2010},
    pages = {2460--2468}
}

@phdthesis{gratiet_multi-fidelity_nodate,
    title = {Multi-fidelity {Gaussian} process regression for computer experiments},
    language = {fr},
    author = {Gratiet, Loic Le},
    school = {Université Paris-Diderot},
    year = {2013}
}

@phdthesis{wendorff_combining_2016,
    title = {Combining Uncertainty and Sensitivity Using Multi-Fidelity Probabilistic {Aerodynamic} Databases for Aircraft Maneuvers},
    language = {English},
    urldate = {2018-11-13},
    school = {Stanford},
    author = {Wendorff, Andrew},
    month = dec,
    year = {2016}
}

@article{perdikaris_multi-fidelity_2015,
    title = {Multi-fidelity modelling via recursive co-kriging and {Gaussian}–{Markov} random fields},
    volume = {471},
    issn = {1364-5021, 1471-2946},
    doi = {10.1098/rspa.2015.0018},
    language = {en},
    number = {2179},
    urldate = {2018-11-13},
    journal = {Proceedings of the Royal Society A: Mathematical, Physical and Engineering Science},
    author = {Perdikaris, P. and Venturi, D. and Royset, J. O. and Karniadakis, G. E.},
    month = jul,
    year = {2015},
    pages = {20150018}
}

@article{loeppky_choosing_2009,
    title = {Choosing the Sample Size of a Computer Experiment: {A} Practical Guide},
    volume = {51},
    issn = {0040-1706, 1537-2723},
    doi = {10.1198/TECH.2009.08040},
    language = {en},
    number = {4},
    urldate = {2018-11-13},
    journal = {Technometrics},
    author = {Loeppky, Jason L. and Sacks, Jerome and Welch, William J.},
    month = nov,
    year = {2009},
    pages = {366--376}
}

@article{liu_sequential_2018,
    title = {Sequential optimization using multi-level cokriging and extended expected improvement criterion},
    volume = {58},
    issn = {1615-147X, 1615-1488},
    url = {http://link.springer.com/10.1007/s00158-018-1959-6},
    doi = {10.1007/s00158-018-1959-6},
    language = {en},
    number = {3},
    urldate = {2018-11-13},
    journal = {Structural and Multidisciplinary Optimization},
    author = {Liu, Yixin and Chen, Shishi and Wang, Fenggang and Xiong, Fenfen},
    month = sep,
    year = {2018},
    pages = {1155--1173}
}

@article{lebrun_innovating_2009,
    title = {An innovating analysis of the {Nataf} transformation from the copula viewpoint},
    volume = {24},
    issn = {02668920},
    url = {http://linkinghub.elsevier.com/retrieve/pii/S0266892008000660},
    doi = {10.1016/j.probengmech.2008.08.001},
    language = {en},
    number = {3},
    urldate = {2018-11-13},
    journal = {Probabilistic Engineering Mechanics},
    author = {Lebrun, Régis and Dutfoy, Anne},
    month = jul,
    year = {2009},
    pages = {312--320}
}

@article{courrier_variable-fidelity_2016,
    title = {Variable-fidelity modeling of structural analysis of assemblies},
    volume = {64},
    issn = {0925-5001, 1573-2916},
    url = {http://link.springer.com/10.1007/s10898-015-0345-9},
    doi = {10.1007/s10898-015-0345-9},
    language = {en},
    number = {3},
    urldate = {2018-11-13},
    journal = {Journal of Global Optimization},
    author = {Courrier, Nicolas and Boucard, Pierre-Alain and Soulier, Bruno},
    month = mar,
    year = {2016},
    pages = {577--613}
}

@book{chiles_geostatistics:_2012,
    address = {Hoboken, N.J},
    edition = {2nd ed},
    series = {Wiley series in probability and statistics},
    title = {Geostatistics: {Modeling} spatial uncertainty},
    isbn = {978-0-470-18315-1},
    shorttitle = {Geostatistics},
    language = {en},
    publisher = {Wiley},
    author = {Chiles, Jean-Paul and Delfiner, Pierre},
    year = {2012},
    keywords = {Earth sciences, Statistical methods}
}

@article{huang_sequential_2006,
    title = {Sequential kriging optimization using multiple-fidelity evaluations},
    volume = {32},
    issn = {1615-147X, 1615-1488},
    doi = {10.1007/s00158-005-0587-0},
    language = {en},
    number = {5},
    urldate = {2018-12-06},
    journal = {Structural and Multidisciplinary Optimization},
    author = {Huang, D. and Allen, T. T. and Notz, W. I. and Miller, R. A.},
    month = sep,
    year = {2006},
    pages = {369--382}
}

@phdthesis{lam_surrogate_nodate,
    title = {Surrogate Modeling Based on Statistical Techniques for Multi-fidelity Optimization},
    language = {en},
    author = {Lam, Remi},
    pages = {74},
    year = {2014},
    school = {Massachusetts Institute of Technology},
}

@inproceedings{ghoreishi_gaussian_2018,
    address = {Atlanta, Georgia},
    title = {Gaussian Process Regression for Bayesian Fusion of Multi-Fidelity Information Sources},
    isbn = {978-1-62410-550-0},
    url = {https://arc.aiaa.org/doi/10.2514/6.2018-4176},
    doi = {10.2514/6.2018-4176},
    language = {en},
    urldate = {2018-12-30},
    booktitle = {2018 {Multidisciplinary} {Analysis} and {Optimization} {Conference}},
    publisher = {American Institute of Aeronautics and Astronautics},
    author = {Ghoreishi, Seyede Fatemeh and Allaire, Douglas L.},
    month = jun,
    year = {2018}
}

@article{perdikaris_nonlinear_2017,
    title = {Nonlinear information fusion algorithms for data-efficient multi-fidelity modelling},
    volume = {473},
    issn = {1364-5021, 1471-2946},
    url = {http://rspa.royalsocietypublishing.org/lookup/doi/10.1098/rspa.2016.0751},
    doi = {10.1098/rspa.2016.0751},
    language = {en},
    number = {2198},
    urldate = {2018-12-30},
    journal = {Proceedings of the Royal Society A: Mathematical, Physical and Engineering Science},
    author = {Perdikaris, P. and Raissi, M. and Damianou, A. and Lawrence, N. D. and Karniadakis, G. E.},
    month = feb,
    year = {2017},
    pages = {20160751}
}

@article{le_gratiet_recursive_2014,
    title = {Recursive Co-Kriging Model for Design of Computer Experiments with Multiple Levels of Fidelity},
    volume = {4},
    issn = {2152-5080},
    doi = {10.1615/Int.J.UncertaintyQuantification.2014006914},
    language = {en},
    number = {5},
    urldate = {2018-12-30},
    journal = {International Journal for Uncertainty Quantification},
    author = {Gratiet, Loic Le and Garnier, Josselin},
    year = {2014},
    pages = {365--386}
}

@article{allaire_information-theoretic_2012,
    title = {An Information-Theoretic Metric of System Complexity With Application to Engineering System Design},
    volume = {134},
    issn = {10500472},
    url = {http://MechanicalDesign.asmedigitalcollection.asme.org/article.aspx?articleid=1484828},
    doi = {10.1115/1.4007587},
    language = {en},
    number = {10},
    urldate = {2018-12-30},
    journal = {Journal of Mechanical Design},
    author = {Allaire, Douglas and He, Qinxian and Deyst, John and Willcox, Karen},
    year = {2012},
    pages = {100906}
}

@article{winkler_combining_1981,
    title = {Combining Probability Distributions from Dependent Information Sources},
    volume = {27},
    issn = {0025-1909, 1526-5501},
    url = {http://pubsonline.informs.org/doi/abs/10.1287/mnsc.27.4.479},
    doi = {10.1287/mnsc.27.4.479},
    language = {en},
    number = {4},
    urldate = {2018-12-30},
    journal = {Management Science},
    author = {Winkler, Robert L.},
    month = apr,
    year = {1981},
    pages = {479--488}
}

@article{kennedy_predicting_2000,
    title = {Predicting the output from a complex computer code when fast approximations are available},
    volume = {87},
    issn = {0006-3444, 1464-3510},
    doi = {10.1093/biomet/87.1.1},
    language = {en},
    number = {1},
    urldate = {2018-12-30},
    journal = {Biometrika},
    author = {Kennedy, M. and O'Hagan, A.},
    month = mar,
    year = {2000},
    pages = {1--13}
}

@article{jones_efficient_nodate,
    title = {Efficient Global Optimization of Expensive Black-Box Functions},
    language = {en},
    author = {Jones, Donald R and Schonlau, Matthias},
    pages = {38}
}

@inproceedings{lingji_chen_fusion_2002,
    address = {Annapolis, MD, USA},
    title = {Fusion under unknown correlation - covariance intersection as a special case},
    volume = {2},
    isbn = {978-0-9721844-1-0},
    url = {http://ieeexplore.ieee.org/document/1020908/},
    doi = {10.1109/ICIF.2002.1020908},
    language = {en},
    urldate = {2019-04-01},
    booktitle = {Proceedings of the {Fifth} {International} {Conference} on {Information} {Fusion}. {FUSION} 2002. ({IEEE} {Cat}.{No}.02EX5997)},
    publisher = {Int. Soc. Inf. Fusion},
    author = {{Lingji Chen} and Arambel, P.O. and Mehra, R.K.},
    year = {2002},
    pages = {905--912}
}

@inproceedings{julier_non-divergent_1997,
    address = {Albuquerque, NM, USA},
    title = {A non-divergent estimation algorithm in the presence of unknown correlations},
    isbn = {978-0-7803-3832-6},
    url = {http://ieeexplore.ieee.org/document/609105/},
    doi = {10.1109/ACC.1997.609105},
    language = {en},
    urldate = {2019-04-02},
    booktitle = {Proceedings of the 1997 {American} {Control} {Conference} ({Cat}. {No}.97CH36041)},
    publisher = {IEEE},
    author = {Julier, S.J. and Uhlmann, J.K.},
    year = {1997},
    pages = {2369--2373 vol.4}
}

@inproceedings{rivers_further_2012,
    address = {New Orleans, Louisiana},
    title = {Further Investigation of the Support System Effects and Wing Twist on the {NASA} Common Research Model},
    isbn = {978-1-62410-185-4},
    url = {http://arc.aiaa.org/doi/10.2514/6.2012-3209},
    doi = {10.2514/6.2012-3209},
    language = {en},
    urldate = {2019-04-02},
    booktitle = {30th {AIAA} {Applied} {Aerodynamics} {Conference}},
    publisher = {American Institute of Aeronautics and Astronautics},
    author = {Rivers, Melissa and Hunter, Craig and Campbell, Richard},
    month = jun,
    year = {2012}
}

@article{mishra_uncertainty_2019,
    title = {Uncertainty Estimation Module for Turbulence Model Predictions in {SU}2},
    volume = {57},
    copyright = {All rights reserved},
    issn = {0001-1452, 1533-385X},
    doi = {10.2514/1.J057187},
    language = {en},
    number = {3},
    urldate = {2019-04-10},
    journal = {AIAA Journal},
    author = {Mishra, Aashwin Ananda and Mukhopadhaya, Jayant and Iaccarino, Gianluca and Alonso, Juan},
    month = mar,
    year = {2019},
    pages = {1066--1077},
}

@article{iaccarino_eig_pert,
  title={Eigenspace perturbations for uncertainty estimation of single-point turbulence closures},
  author={Iaccarino, Gianluca and Mishra, Aashwin and Ghili, Saman},
  journal={Physical Review Fluids},
  volume={2},
  number={2},
  year={2017},
}

@article{banerjee2007presentation,
  title={Presentation of anisotropy properties of turbulence, invariants versus eigenvalue approaches},
  author={Banerjee, S and Krahl, R and Durst, F and Zenger, Ch},
  journal={Journal of Turbulence},
  volume={8},
  pages={N32},
  year={2007},
  publisher={Taylor \& Francis}
}


@inproceedings{rivers_experimental_2010,
    address = {Chicago, Illinois},
    title = {Experimental Investigations of the {NASA} Common Research Model (Invited)},
    isbn = {978-1-62410-141-0},
    url = {http://arc.aiaa.org/doi/10.2514/6.2010-4218},
    doi = {10.2514/6.2010-4218},
    language = {en},
    urldate = {2019-06-06},
    booktitle = {28th {AIAA} {Applied} {Aerodynamics} {Conference}},
    publisher = {American Institute of Aeronautics and Astronautics},
    author = {Rivers, Melissa and Dittberner, Ashley},
    month = jun,
    year = {2010},
    file = {Rivers and Dittberner - 2010 - Experimental Investigations of the NASA Common Res.pdf:/home/jmukho/Zotero/storage/DSDHW5ZG/Rivers and Dittberner - 2010 - Experimental Investigations of the NASA Common Res.pdf:application/pdf}
}

@book{rasmussen_gaussian_2006,
    address = {Cambridge, Mass},
    title = {Gaussian processes for machine learning},
    isbn = {978-0-262-18253-9},
    language = {en},
    publisher = {MIT Press},
    author = {Rasmussen, Carl Edward and Williams, Christopher K. I.},
    year = {2006}
}

@article{ohagan_markov_nodate,
    title = {A {Markov} Property for Covariance Structures},
    language = {en},
    author = {O'Hagan, A},
    pages = {9}
}

@misc{morrison20094th,
  title={4th {AIAA} {CFD} Drag Prediction Workshop},
  author={Morrison, Joseph H},
  year={2009},
  publisher={AIAA Reston, VA}
}

@inproceedings{vassberg_summary_2010,
	address = {Chicago, Illinois},
	title = {Summary of the Fourth {AIAA} {CFD} Drag Prediction Workshop},
	isbn = {978-1-62410-141-0},
	doi = {10.2514/6.2010-4547},
	language = {en},
	urldate = {2020-03-02},
	booktitle = {28th {AIAA} {Applied} {Aerodynamics} {Conference}},
	publisher = {American Institute of Aeronautics and Astronautics},
	author = {Vassberg, John and Tinoco, Edward and Mani, Mori and Rider, Ben and Zickuhr, Tom and Levy, David and Brodersen, Olaf and Eisfeld, Bernard and Crippa, Simone and Wahls, Richard and Morrison, Joseph and Mavriplis, Dimitri and Murayama, Mitsuhiro},
	month = jun,
	year = {2010}
}

@inproceedings{levy2013summary,
  title={Summary of data from the fifth {AIAA} {CFD} drag prediction workshop},
  author={Levy, David and Laflin, Kelly and Vassberg, John and Tinoco, Edward and Mani, Mortaza and Rider, Ben and Brodersen, Olaf and Crippa, Simone and Rumsey, Christopher and Wahls, Richard and others},
  booktitle={51st AIAA Aerospace Sciences Meeting including the New Horizons Forum and Aerospace Exposition},
  pages={46},
  year={2013}
}

@misc{morrison20166th,
  title={6th {AIAA} {CFD} Drag Prediction Workshop.},
  author={Morrison, Joseph H},
  year={2016},
  publisher={AIAA}
}


@inproceedings{roy2017summary,
  title={Summary of data from the sixth {AIAA} {CFD} drag prediction workshop: {Case} 1 code verification},
  author={Roy, Christopher J},
  booktitle={55th AIAA Aerospace Sciences Meeting},
  pages={1206},
  year={2017}
}

@inproceedings{tinoco2017summary,
  title={Summary of Data from the Sixth {AIAA} {CFD} Drag Prediction Workshop: {CRM} Cases 2 to 5},
  author={Tinoco, Edward N and Brodersen, Olaf and Keye, Stefan and Laflin, Kelly},
  booktitle={55th AIAA Aerospace Sciences Meeting},
  pages={1208},
  year={2017}
}

@article{drela2008athena,
  title={Athena vortex lattice ({AVL})},
  author={Drela, Mark and Youngren, Harold},
  journal={Computer Software. AVL},
  volume={4},
  year={2008}
}

@book{pope_2000, place={Cambridge}, 
    title={Turbulent flows}, 
    DOI={10.1017/CBO9780511840531}, 
    publisher={Cambridge University Press}, 
    author={Pope, Stephen B.}, 
    year={2000}
}

@article{schumann1977realizability,
  title={Realizability of Reynolds-stress turbulence models},
  author={Schumann, Ulrich},
  journal={The Physics of Fluids},
  volume={20},
  number={5},
  pages={721--725},
  year={1977},
  publisher={AIP}
}

@article{speziale1994realizability,
  title={On the realizability of Reynolds stress turbulence closures},
  author={Speziale, Charles G and Abid, Ridha and Durbin, Paul A},
  journal={Journal of Scientific Computing},
  volume={9},
  number={4},
  pages={369--403},
  year={1994},
  publisher={Springer}
}

@article{girimaji2004new,
  title={A new perspective on realizability of turbulence models},
  author={Girimaji, Sharath S},
  journal={Journal of Fluid Mechanics},
  volume={512},
  pages={191--210},
  year={2004},
  publisher={Cambridge University Press}
}

@article{robust,
  title={Approach for input uncertainty propagation and robust design in {CFD} using sensitivity derivatives},
  author={Putko, Michele M and Taylor, Arthur C and Newman, Perry A and Green, Lawrence L},
  journal={Journal of Fluids Engineering},
  volume={124},
  number={1},
  pages={60--69},
  year={2002},
  publisher={American Society of Mechanical Engineers}
}


@book{reliability,
  title={Reliability based design},
  author={Harr, Milton E},
  year={1996},
  publisher={Dover, New York}
}

@incollection{multif,
  title={RELIABILITY-BASED DESIGN OPTIMIZATION OF A SUPERSONIC NOZZLE},
  author={Fenrich, Richard W and Menier, Victorien and Avery, Philip and Alonso, Juan J},
  booktitle={Proceedings of the 7th European Conference on Computational Fluid Dynamics},
  publisher={ECCOMAS},
  year={2018}
}

@article{menter2003ten,
  title={Ten years of industrial experience with the SST turbulence model},
  author={Menter, Florian R and Kuntz, Martin and Langtry, Robin},
  journal={Turbulence, Heat and Mass Transfer},
  volume={4},
  number={1},
  pages={625--632},
  year={2003}
}

@article{su2_aiaajournal,
    title = {SU2: An Open-Source Suite for Multiphysics Simulation and Design},
    author = {Economon, Thomas D. and Palacios, Francisco and Copeland, Sean R. and Lukaczyk, Trent W. and Alonso, Juan J.},
    journal = {AIAA Journal},
    volume = {54},
    number = {3},
    pages = {828-846},
    year = {2016}
}

@article{mishra_perturbations_2019,
    author = {Mishra,A. A.  and Iaccarino,G. },
    title = {Theoretical analysis of tensor perturbations for uncertainty quantification of Reynolds averaged and subgrid scale closures},
    journal = {Physics of Fluids},
    volume = {31},
    number = {7},
    pages = {075101},
    year = {2019}
}

@inproceedings{emory2011characterizing,
  title={Characterizing the operability limits of the HyShot II scramjet through RANS simulations},
  author={Emory, Michael and Terrapon, Vincent and Pecnik, Rene and Iaccarino, Gianluca},
  booktitle={17th {AIAA} International Space Planes and Hypersonic Systems and Technologies Conference},
  pages={2282},
  year={2011}
}

@article{emory2013modeling,
  title={Modeling of structural uncertainties in Reynolds-averaged Navier-Stokes closures},
  author={Emory, Michael and Larsson, Johan and Iaccarino, Gianluca},
  journal={Physics of Fluids},
  volume={25},
  number={11},
  year={2013},
  publisher={American Institute of Physics}
}

@inproceedings{emory2016uncertainty,
  title={Uncertainty quantification in turbomachinery simulations},
  author={Emory, Michael and Iaccarino, Gianluca and Laskowski, Gregory M},
  booktitle={ASME Turbo Expo 2016: Turbomachinery Technical Conference and Exposition},
  year={2016},
  organization={American Society of Mechanical Engineers}
}

@article{aiaajets,
  title={Uncertainty estimation for reynolds-averaged navier--stokes predictions of high-speed aircraft nozzle jets},
  author={Mishra, Aashwin Ananda and Iaccarino, Gianluca},
  journal={AIAA Journal},
  pages={3999--4004},
  year={2017},
  publisher={American Institute of Aeronautics and Astronautics}
}


@inproceedings{razaaly2019optimization,
  title={Optimization of an ORC supersonic nozzle under epistemic uncertainties due to turbulence models},
  author={Razaaly, Nassim and Gori, Giulio and Iaccarino, Gianluca and Congedo, Pietro},
  booktitle={GPPS},
  year={2019}
}

@article{garcia2014quantifying,
  title={Quantifying inflow uncertainties for {CFD} simulations of the flow in downtown {Oklahoma} {City}},
  author={Garc{\'\i}a-S{\'a}nchez, C and Philips, DA and Gorl{\'e}, C},
  journal={Building and Environment},
  volume={78},
  pages={118--129},
  year={2014},
  publisher={Elsevier}
}


@article{envelopingmodels,
  title={{RANS} predictions for high-speed flows using enveloping models},
  author={Mishra, AA and Iaccarino, G},
  journal={arXiv preprint arXiv:1704.01699},
  year={2017}
}



@inproceedings{ricci2015local,
  title={Local-scale forcing effects on wind flows in an urban environment},
  author={Ricci, A and Kalkman, IM and Blocken, B and Repetto, MP and Burlando, M and Freda, A},
  booktitle={Proceedings, International Workshop on Physical Modelling of Flow and Dispersion Phenomena PHYSMOD2015},
  pages={7--9},
  year={2015}
}

@article{mishra2020design,
  title={Design exploration and optimization under uncertainty},
  author={Mishra, Aashwin Ananda and Mukhopadhaya, Jayant and Alonso, Juan and Iaccarino, Gianluca},
  journal={Physics of Fluids},
  volume={32},
  number={8},
  pages={085106},
  year={2020},
  publisher={AIP Publishing LLC}
}

@article{gorle2015quantifying,
  title={Quantifying inflow and {RANS} turbulence model form uncertainties for wind engineering flows},
  author={Gorl{\'e}, Catherine and Garcia-Sanchez, Clara and Iaccarino, Gianluca},
  journal={Journal of Wind Engineering and Industrial Aerodynamics},
  volume={144},
  pages={202--212},
  year={2015},
  publisher={Elsevier}
}

@article{gorle2013framework,
  title={A framework for epistemic uncertainty quantification of turbulent scalar flux models for Reynolds-averaged Navier-Stokes simulations},
  author={Gorl{\'e}, C and Iaccarino, G},
  journal={Physics of Fluids},
  volume={25},
  number={5},
  pages={055105},
  year={2013},
  publisher={AIP}
}

@inproceedings{Gerolymos2016AlgebraicPA,
  title={Algebraic proof and application of Lumley's realizability triangle},
  author={G. A. Gerolymos and I. Vallet},
  year={2016}
}

@article{2014realizability,
  title={On the realizability of pressure--strain closures},
  author={Mishra, Aashwin A and Girimaji, Sharath S},
  journal={Journal of Fluid Mechanics},
  volume={755},
  pages={535--560},
  year={2014},
  publisher={Cambridge University Press}
}

@article{queipo2005surrogate,
  title={Surrogate-based analysis and optimization},
  author={Queipo, Nestor V and Haftka, Raphael T and Shyy, Wei and Goel, Tushar and Vaidyanathan, Rajkumar and Tucker, P Kevin},
  journal={Progress in aerospace sciences},
  volume={41},
  number={1},
  pages={1--28},
  year={2005},
  publisher={Elsevier}
}

@article{gorissen2010surrogate,
  title={A surrogate modeling and adaptive sampling toolbox for computer based design},
  author={Gorissen, Dirk and Couckuyt, Ivo and Demeester, Piet and Dhaene, Tom and Crombecq, Karel},
  journal={Journal of Machine Learning Research},
  volume={11},
  number={Jul},
  pages={2051--2055},
  year={2010}
}

@article{jeong2005efficient,
  title={Efficient optimization design method using kriging model},
  author={Jeong, Shinkyu and Murayama, Mitsuhiro and Yamamoto, Kazuomi},
  journal={Journal of aircraft},
  volume={42},
  number={2},
  pages={413--420},
  year={2005}
}

@article{robinson2008surrogate,
  title={Surrogate-based optimization using multifidelity models with variable parameterization and corrected space mapping},
  author={Robinson, TD and Eldred, MS and Willcox, KE and Haimes, R},
  journal={Aiaa Journal},
  volume={46},
  number={11},
  pages={2814--2822},
  year={2008}
}


@article{han_improving_2013,
    title = {Improving variable-fidelity surrogate modeling via gradient-enhanced kriging and a generalized hybrid bridge function},
    volume = {25},
    issn = {12709638},
    doi = {10.1016/j.ast.2012.01.006},
    number = {1},
    urldate = {2020-02-12},
    journal = {Aerospace Science and Technology},
    author = {Han, Zhong-Hua and Görtz, Stefan and Zimmermann, Ralf},
    month = mar,
    year = {2013},
    pages = {177--189}
}

@article{picheny_noisy_2014,
    title = {Noisy kriging-based optimization methods: {A} unified implementation within the {DiceOptim} package},
    volume = {71},
    issn = {01679473},
    shorttitle = {Noisy kriging-based optimization methods},
    doi = {10.1016/j.csda.2013.03.018},
    urldate = {2020-02-12},
    journal = {Computational Statistics \& Data Analysis},
    author = {Picheny, Victor and Ginsbourger, David},
    month = mar,
    year = {2014},
    pages = {1035--1053}
}

@article{bae_nondeterministic_2019,
    title = {Nondeterministic Kriging for Engineering Design Exploration},
    volume = {57},
    issn = {0001-1452, 1533-385X},
    doi = {10.2514/1.J057364},
    language = {en},
    number = {4},
    urldate = {2020-02-12},
    journal = {AIAA Journal},
    author = {Bae, Harok and Clark, Daniel L. and Forster, Edwin E.},
    month = apr,
    year = {2019},
    pages = {1659--1670}
}

@phdthesis{gaul_modified_2014,
    address = {Iowa City, Iowa, USA},
    type = {{PhD}},
    title = {Modified {Bayesian} Kriging for noisy response problems and {Bayesian} confidence-based reliability-based design optimization},
    language = {en},
    urldate = {2020-02-12},
    school = {University of Iowa},
    author = {Gaul, Nicholas John},
    month = jul,
    year = {2014},
    doi = {10.17077/etd.ap2nzl1y}
}

@article{emory2014visualizing,
  title={Visualizing turbulence anisotropy in the spatial domain with componentality contours},
  author={Emory, M and Iaccarino, G},
  journal={Center for Turbulence Research Annual Research Briefs},
  pages={123--138},
  year={2014}
}

@misc{
    winkler_dorgan_cary_mani_2009,
    title={{BCFD} analysis of the NASA common research model for the 4th drag prediction workshop},
    author={Winkler, Chad and Dorgan, Andy and Cary, Andrew and Mani, Mori},
    year={2009}
}


@article{lee-rausch_application_2014,
	title = {Application of the {FUN3D} {Solver} to the 4th {AIAA} Drag Prediction Workshop},
	volume = {51},
	issn = {0021-8669, 1533-3868},
	doi = {10.2514/1.C032558},
	language = {en},
	number = {4},
	urldate = {2020-03-06},
	journal = {Journal of Aircraft},
	author = {Lee-Rausch, E. M. and Hammond, D. P. and Nielsen, E. J. and Pirzadeh, S. Z. and Rumsey, C. L.},
	month = jul,
	year = {2014},
	pages = {1149--1160}
}

@inbook{laval_marquillie_dns_channel,
    author = {Laval, J. and Marquillie, Matthieu},
    year = {2011},
    month = {01},
    pages = {203-209},
    title = {Direct Numerical Simulations of Converging–Diverging Channel Flow},
    doi = {10.1007/978-90-481-9603-6_21},
    booktitle={Progress in Wall Turbulence: Understanding and Modeling},
    publisher={Springer Netherlands}
}

@article{marquillie_instability_2011,
	title = {Instability of streaks in wall turbulence with adverse pressure gradient},
	volume = {681},
	issn = {1469-7645},
	url = {https://www.cambridge.org/core/article/instability-of-streaks-in-wall-turbulence-with-adverse-pressure-gradient/F2BC11CF5633BA1781BA07C85B163D29},
	doi = {10.1017/jfm.2011.193},
	journal = {Journal of Fluid Mechanics},
	author = {Marquillie, Matthieu and Ehrenstein , Uwe and Laval, Jean-Philippe},
	year = {2011},
	pages = {205--240}
}

@article{hoyas_reynolds_2008,
	title = {Reynolds number effects on the {Reynolds}-stress budgets in turbulent channels},
	volume = {20},
	issn = {1070-6631, 1089-7666},
	url = {http://aip.scitation.org/doi/10.1063/1.3005862},
	doi = {10.1063/1.3005862},
	language = {en},
	number = {10},
	urldate = {2020-09-22},
	journal = {Physics of Fluids},
	author = {Hoyas, Sergio and Jiménez, Javier},
	month = oct,
	year = {2008},
	pages = {101511}
}


@article{coleman_uncertainties_1997,
	title = {Uncertainties and {CFD} Code Validation},
	volume = {119},
	issn = {0098-2202, 1528-901X},
	url = {https://asmedigitalcollection.asme.org/fluidsengineering/article/119/4/795/433315/Uncertainties-and-CFD-Code-Validation},
	doi = {10.1115/1.2819500},
	language = {en},
	number = {4},
	urldate = {2020-09-23},
	journal = {Journal of Fluids Engineering},
	author = {Coleman, H. W. and Stern, F.},
	month = dec,
	year = {1997},
	pages = {795--803}
}

@article{oberkampf_verication_2002,
	title = {Veriﬁcation and validation in computational ﬂuid dynamics},
	language = {en},
	journal = {Progress in Aerospace Sciences},
	author = {Oberkampf, William L and Trucano, Timothy G},
	year = {2002},
	pages = {64}
}

@incollection{computational_fluid_dynamics_committee_guide_1998,
    author = {American Institute of Aeronautics and Astronautics},
	address = {Washington, DC},
	title = {Guide: Guide for the Verification and Validation of Computational Fluid Dynamics Simulations},
	publisher = {American Institute of Aeronautics and Astronautics, Inc.},
	month = jan,
	year = {1998},
	doi = {10.2514/4.472855.001}
}

@book{american_society_of_mechanical_engineers_standard_2009,
	title = {Standard for Verification and Validation in Computational Fluid Dynamics and Heat Transfer},
	isbn = {978-0-7918-3209-7},
	shorttitle = {V\&{V} 20},
	publisher = {ASME},
	author = {{American Society of Mechanical Engineers}},
	year = {2009}
}

@inproceedings{su21,
  title={Stanford University Unstructured (SU2): An open-source integrated computational environment for multi-physics simulation and design},
  author={Palacios, Francisco and Colonno, Michael R and Aranake, Aniket C and Campos, Alejandro and Copeland, Sean R and Economon, Thomas D and Lonkar, Amrita K and Lukaczyk, Trent W and Taylor, Thomas WR and Alonso, Juan J},
  booktitle={51st AIAA Aerospace Sciences Meeting including the New Horizons Forum and Aerospace Exposition. Grapevine (Dallas/Ft. Worth Region), Texas},
  pages={1--60},
  year={2013}
}

@article{su22,
  title={Stanford University Unstructured (SU2): Open-source analysis and design technology for turbulent flows},
  author={Palacios, Francisco and Economon, Thomas D and Aranake, Aniket C and Copeland, Sean R and Lonkar, Amrita K and Lukaczyk, Trent W and Manosalvas, David E and Naik, Kedar R and Padr{\'o}n, A Santiago and Tracey, Brendan and others},
  journal={AIAA Journal},
  volume={243},
  pages={13--17},
  year={2014}
}

@article{tred2a,
  title={Householder's tridiagonalization of a symmetric matrix},
  author={Martin, RS and Reinsch, C and Wilkinson, JH},
  journal={Numerische Mathematik},
  volume={11},
  number={3},
  pages={181--195},
  year={1968},
  publisher={Springer}
}

@book{tred2b,
  title={Linear algebra, vol. 2 of handbook for automatic computation},
  author={Wilkinson, J and Reinsch, Christian},
  year={1971},
  publisher={Springer-Verlag, New York, NY}
}

@book{numres,
  title={Numerical Recipes in {C}: {The} Art of Scientific Computing},
  author={Press, William H and Teukolsky, Saul A and Vetterling, William T and Flannery, Brian P},
  year={1992},
  publisher={Cambridge University Press}
}

@article{sst,
  title={Two-equation eddy-viscosity turbulence models for engineering applications},
  author={Menter, Florian R},
  journal={AIAA Journal},
  volume={32},
  number={8},
  pages={1598--1605},
  year={1994}
}

@article{driver1985,
  title={Features of a reattaching turbulent shear layer in divergent channel flow},
  author={Driver, David M and Seegmiller, H Lee},
  journal={AIAA Journal},
  volume={23},
  number={2},
  pages={163--171},
  year={1985}
}

@techreport{thangam1991,
  title={Turbulent separated flow past a backward-facing step: a critical evaluation of two-equation turbulence models},
  author={Thangam, S and Speziale, Charles G},
  year={1991},
  institution={Institute for Computer Applications In Science And Engineering, Hampton, VA}
}

@misc{buice,
  title={Experimental Investigation of Flow through an Asymmetric Plane Diffuser},
  author={Buice, CU and Eaton, JK},
  year={1997},
  publisher={Stanford University, TSD-107}
}

@misc{nasajet,
  title={The {NASA} Subsonic Jet Particle Image Velocimetry Dataset, {NASA} {TM} 2011-216807},
  author={James Bridges and Mark P. Wernet},
  year={2011},
  publisher={{NASA} Glenn Research Center}
}

@inproceedings{seiner,
  title={The effects of temperature on supersonic jet noise emission},
  author={Seiner, John M and Ponton, Michael K and Jansen, Bernard J and Lagen, Nicholas T},
  booktitle={14th DGLR/AIAA aeroacoustics conference},
  volume={1},
  pages={295--307},
  year={1992}
}

@article{ladson1988,
  title={Effects of independent variation of Mach and Reynolds numbers on the low-speed aerodynamic characteristics of the {NACA} 0012 airfoil section},
  author={Ladson, CL},
  publisher={National Aeronautics and Space Administration, Langley Research Center},
  year={1988}
}

@misc{klausmeyer1997,
  title={Comparative results from a {CFD} challenge over a 2D three-element high-lift airfoil, {NASA} {TM} 112858},
  author={Klausmeyer, Steven M and Lin, John C},
  year={1997},
  publisher={{NASA} Langley Research Center}
}

@inproceedings{chin1993,
  title={Flowfield measurements about a multi-element airfoil at high Reynolds numbers},
  author={Chin, Vincent D and Peters, David W and Spaid, Frank W and Mcghee, Robert J},
 booktitle = {AIAA Paper 93-3137, AIAA 24th Fluid Dynamics Conference},
  year={1993}
}


@inproceedings{mcmillin_computational_2019,
	address = {San Diego, California},
	title = {Computational Study of a Generic T-tail Transport},
	isbn = {978-1-62410-578-4},
	url = {https://arc.aiaa.org/doi/10.2514/6.2019-0036},
	doi = {10.2514/6.2019-0036},
	language = {en},
	urldate = {2019-05-16},
	booktitle = {{AIAA} {Scitech} 2019 {Forum}},
	publisher = {American Institute of Aeronautics and Astronautics},
	author = {McMillin, Susan N. and Frink, Neal T. and Murphy, Patrick C. and Cunningham, Kevin and Shah, Gautam H. and Nayani, Sudheer N.},
	month = jan,
	year = {2019}
}

@inproceedings{kuehme_flight_2014,
	address = {Atlanta, GA},
	title = {Flight Test Evaluation and System Identification of the {Area-I} Prototype Technology Evaluation Research Aircraft ({PTERA})},
	isbn = {978-1-62410-296-7},
	url = {http://arc.aiaa.org/doi/10.2514/6.2014-2577},
	doi = {10.2514/6.2014-2577},
	language = {en},
	urldate = {2018-11-09},
	booktitle = {{AIAA} {Flight} {Testing} {Conference}},
	publisher = {American Institute of Aeronautics and Astronautics},
	author = {Kuehme, Daniel and Alley, Nicholas R. and Phillips, Caleb and Cogan, Bruce R.},
	month = jun,
	year = {2014}
}

@inproceedings{cunningham_preliminary_2018,
	address = {Kissimmee, Florida},
	title = {Preliminary Test Results for Stability and Control Characteristics of a Generic T-tail Transport Airplane at High Angle of Attack},
	isbn = {978-1-62410-525-8},
	url = {https://arc.aiaa.org/doi/10.2514/6.2018-0529},
	doi = {10.2514/6.2018-0529},
	language = {en},
	urldate = {2018-11-09},
	booktitle = {2018 {AIAA} {Atmospheric} {Flight} {Mechanics} {Conference}},
	publisher = {American Institute of Aeronautics and Astronautics},
	author = {Cunningham, Kevin and Shah, Gautam H. and Frink, Neal T. and McMillin, Susan N. and Murphy, Patrick C. and Brown, Frank R. and Hayes, Patrick J. and Shweyk, Kamal M. and Nayani, Sudheer N.},
	month = jan,
	year = {2018}
}

@inproceedings{cunningham_generic_2018,
	address = {Kissimmee, Florida},
	title = {A Generic T-tail Transport Airplane Simulation for High-Angle-of-Attack Dynamics
	Modeling Investigations},
	isbn = {978-1-62410-528-9},
	url = {https://arc.aiaa.org/doi/10.2514/6.2018-1168},
	doi = {10.2514/6.2018-1168},
	language = {en},
	urldate = {2018-11-09},
	booktitle = {2018 {AIAA} {Modeling} and {Simulation} {Technologies} {Conference}},
	publisher = {American Institute of Aeronautics and Astronautics},
	author = {Cunningham, Kevin and Shah, Gautam H. and Hill, Melissa A. and Pickering, Brent P. and Litt, Jonathan S. and Norin, Scott},
	month = jan,
	year = {2018}
}

@article{celik_procedure_2008,
	title = {Procedure for Estimation and Reporting of Uncertainty Due to Discretization in {CFD} Applications},
	volume = {130},
	issn = {00982202},
	url = {http://FluidsEngineering.asmedigitalcollection.asme.org/article.aspx?articleid=1434171},
	doi = {10.1115/1.2960953},
	language = {en},
	number = {7},
	urldate = {2020-07-14},
	journal = {Journal of Fluids Engineering},
	author = {Celik, Ismail B. and Ghia, Urmila and Roache, Patrick J. and Freitas, Christopher J. and Coleman, Hugh and Raad, Peter E.},
	year = {2008},
	pages = {078001}
}

@inproceedings{freitas_effective_2010,
	address = {Montreal, Quebec, Canada},
	title = {Effective Use of {V}\&{V20} Solution Verification Methodology},
	isbn = {978-0-7918-4948-4},
	url = {https://asmedigitalcollection.asme.org/FEDSM/proceedings/FEDSM2010/49484/2301/360723},
	doi = {10.1115/FEDSM-ICNMM2010-31225},
	language = {en},
	urldate = {2020-07-14},
	booktitle = {{ASME} 2010 3rd {Joint} {US}-{European} {Fluids} {Engineering} {Summer} {Meeting}: {Volume} 1, {Symposia} – {Parts} {A}, {B}, and {C}},
	publisher = {ASMEDC},
	author = {Freitas, Christopher J.},
	month = jan,
	year = {2010},
	pages = {2301--2310}
}


@article{slotnick_cfd_nodate,
	title = {{CFD} Vision 2030 Study: {A} Path to Revolutionary Computational Aerosciences},
	language = {en},
	author = {Slotnick, Jeffrey and Khodadoust, Abdollah and Alonso, Juan and Darmofal, David and Gropp, William and Lurie, Elizabeth and Mavriplis, Dimitri},
	year = {2014}
}


@misc{romanowski_flight_2018,
	title = {Flight Test Guide for Certification of Transport Category Airplanes},
	url = {https://www.faa.gov/documentLibrary/media/Advisory_Circular/AC_25-7D.pdf},
	urldate = {2021-01-27},
	publisher = {Federal Aviation Administration},
	author = {Romanowski, Michael C.},
	month = may,
	year = {2018}
}

@misc{control_law_patent,
  title={Robust Control Effector Allocation},
  author={Lavretsky, Eugene and Diecker, Ryan D. and Brinker, Joseph},
  year={U.S. Patent 8,185,255 B2, May 2012}
 }

@book{roache1998verification,
  title={Verification and validation in computational science and engineering},
  author={Roache, Patrick J},
  volume={895},
  year={1998},
  publisher={Hermosa Albuquerque, NM}
}

@inproceedings{Schmitt1979PressureDO,
  title={Pressure distributions on the {ONERA} {M6} wing at transonic {Mach} numbers},
  author={V. Schmitt and F. Charpin},
  year={1979}
}

@article{arnal2000laminar,
  title={Laminar-turbulent transition prediction in three-dimensional flows},
  author={Arnal, D and Casalis, G},
  journal={Progress in Aerospace Sciences},
  volume={36},
  number={2},
  pages={173--191},
  year={2000},
  publisher={Elsevier}
}

@article{rumsey2019overview,
  title={Overview and summary of the third {AIAA} high lift prediction workshop},
  author={Rumsey, Christopher L and Slotnick, Jeffrey P and Sclafani, Anthony J},
  journal={Journal of Aircraft},
  volume={56},
  number={2},
  pages={621--644},
  year={2019},
  publisher={American Institute of Aeronautics and Astronautics}
}

@article{lyu2015aerodynamic,
  title={Aerodynamic shape optimization investigations of the common research model wing benchmark},
  author={Lyu, Zhoujie and Kenway, Gaetan KW and Martins, Joaquim RRA},
  journal={AIAA journal},
  volume={53},
  number={4},
  pages={968--985},
  year={2015},
  publisher={American Institute of Aeronautics and Astronautics}
}

@article{oberkampf2002verification,
  title={Verification and validation in computational fluid dynamics},
  author={Oberkampf, William L and Trucano, Timothy G},
  journal={Progress in Aerospace Sciences},
  volume={38},
  number={3},
  pages={209--272},
  year={2002},
  publisher={Elsevier}
}

@article{mukhopadhaya2020multi,
  title={Multi-fidelity modeling of probabilistic aerodynamic databases for use in aerospace engineering},
  author={Mukhopadhaya, Jayant and Whitehead, Brian T and Quindlen, John F and Alonso, Juan J and Cary, Andrew W},
  journal={International Journal for Uncertainty Quantification},
  volume={10},
  number={5},
  year={2020},
  publisher={Begel House Inc.}
}

@article{park1991universal,
  title={Universal approximation using radial-basis-function networks},
  author={Park, Jooyoung and Sandberg, Irwin W},
  journal={Neural Computation},
  volume={3},
  number={2},
  pages={246--257},
  year={1991},
  publisher={MIT Press}
}

@article{krige1951statistical,
  title={A statistical approach to some basic mine valuation problems on the Witwatersrand},
  author={Krige, Daniel G},
  journal={Journal of the Southern African Institute of Mining and Metallurgy},
  volume={52},
  number={6},
  pages={119--139},
  year={1951},
  publisher={Southern African Institute of Mining and Metallurgy}
}

@article{matheron1963principles,
  title={Principles of geostatistics},
  author={Matheron, Georges},
  journal={Economic Geology},
  volume={58},
  number={8},
  pages={1246--1266},
  year={1963},
  publisher={Society of Economic Geologists}
}

@inproceedings{loeven2007probabilistic,
  title={Probabilistic collocation: {An} efficient non-intrusive approach for arbitrarily distributed parametric uncertainties},
  author={Loeven, GJA and Witteveen, JAS and Bijl, H},
  booktitle={45th AIAA Aerospace Sciences Meeting and Exhibit},
  pages={317},
  year={2007}
}

@article{oladyshkin2012data,
  title={Data-driven uncertainty quantification using the arbitrary polynomial chaos expansion},
  author={Oladyshkin, Sergey and Nowak, Wolfgang},
  journal={Reliability Engineering \& System Safety},
  volume={106},
  pages={179--190},
  year={2012},
  publisher={Elsevier}
}

@article{blatman2011adaptive,
  title={Adaptive sparse polynomial chaos expansion based on least angle regression},
  author={Blatman, G{\'e}raud and Sudret, Bruno},
  journal={Journal of Computational Physics},
  volume={230},
  number={6},
  pages={2345--2367},
  year={2011},
  publisher={Elsevier}
}

@inproceedings{ng2012multifidelity,
  title={Multifidelity uncertainty quantification using non-intrusive polynomial chaos and stochastic collocation},
  author={Ng, Leo Wai-Tsun and Eldred, Michael},
  booktitle={53rd AIAA/ASME/ASCE/AHS/ASC Structures, Structural Dynamics and Materials Conference},
  pages={1852},
  year={2012}
}

@article{palar2018global,
  title={Global sensitivity analysis via multi-fidelity polynomial chaos expansion},
  author={Palar, Pramudita Satria and Zuhal, Lavi Rizki and Shimoyama, Koji and Tsuchiya, Takeshi},
  journal={Reliability Engineering \& System Safety},
  volume={170},
  pages={175--190},
  year={2018},
  publisher={Elsevier}
}

@article{sudret2008global,
  title={Global sensitivity analysis using polynomial chaos expansions},
  author={Sudret, Bruno},
  journal={Reliability Engineering \& System Safety},
  volume={93},
  number={7},
  pages={964--979},
  year={2008},
  publisher={Elsevier}
}

@article{crestaux2009polynomial,
  title={Polynomial chaos expansion for sensitivity analysis},
  author={Crestaux, Thierry and Le Ma{\i}tre, Olivier and Martinez, Jean-Marc},
  journal={Reliability Engineering \& System Safety},
  volume={94},
  number={7},
  pages={1161--1172},
  year={2009},
  publisher={Elsevier}
}

@article{jameson1988aerodynamic,
  title={Aerodynamic design via control theory},
  author={Jameson, Antony},
  journal={Journal of Scientific Computing},
  volume={3},
  number={3},
  pages={233--260},
  year={1988},
  publisher={Springer}
}


@article{anderson_aerodynamic_1999,
	title = {Aerodynamic design optimization on unstructured grids with a continuous adjoint formulation},
	volume = {28},
	issn = {0045-7930},
	url = {https://www.sciencedirect.com/science/article/pii/S0045793098000413},
	doi = {https://doi.org/10.1016/S0045-7930(98)00041-3},
	number = {4},
	journal = {Computers \& Fluids},
	author = {Anderson, W. Kyle and Venkatakrishnan, V.},
	year = {1999},
	pages = {443--480},
}

@article{chen2016aerodynamic,
  title={Aerodynamic shape optimization of common research model wing--body--tail configuration},
  author={Chen, Song and Lyu, Zhoujie and Kenway, Gaetan KW and Martins, Joaquim RRA},
  journal={Journal of Aircraft},
  volume={53},
  number={1},
  pages={276--293},
  year={2016},
  publisher={American Institute of Aeronautics and Astronautics}
}

@article{kenway2014multipoint,
  title={Multipoint high-fidelity aerostructural optimization of a transport aircraft configuration},
  author={Kenway, Gaetan KW and Martins, Joaquim RRA},
  journal={Journal of Aircraft},
  volume={51},
  number={1},
  pages={144--160},
  year={2014},
  publisher={American Institute of Aeronautics and Astronautics}
}

@article{bindolino2010multilevel,
  title={Multilevel structural optimization for preliminary wing-box weight estimation},
  author={Bindolino, Giampiero and Ghiringhelli, Gianluca and Ricci, Sergio and Terraneo, Mauro},
  journal={Journal of Aircraft},
  volume={47},
  number={2},
  pages={475--489},
  year={2010}
}

@article{zhu2016topology,
  title={Topology optimization in aircraft and aerospace structures design},
  author={Zhu, Ji-Hong and Zhang, Wei-Hong and Xia, Liang},
  journal={Archives of Computational Methods in Engineering},
  volume={23},
  number={4},
  pages={595--622},
  year={2016},
  publisher={Springer}
}

@book{kirsch2012structural,
  title={Structural optimization: {Fundamentals} and applications},
  author={Kirsch, Uri},
  year={2012},
  publisher={Springer Science \& Business Media}
}

@article{gray2019openmdao,
  title={{OpenMDAO}: {An} open-source framework for multidisciplinary design, analysis, and optimization},
  author={Gray, Justin S and Hwang, John T and Martins, Joaquim RRA and Moore, Kenneth T and Naylor, Bret A},
  journal={Structural and Multidisciplinary Optimization},
  volume={59},
  number={4},
  pages={1075--1104},
  year={2019},
  publisher={Springer}
}

@article{brooks2018benchmark,
  title={Benchmark aerostructural models for the study of transonic aircraft wings},
  author={Brooks, Timothy R and Kenway, Gaetan KW and Martins, Joaquim RRA},
  journal={AIAA Journal},
  volume={56},
  number={7},
  pages={2840--2855},
  year={2018},
  publisher={American Institute of Aeronautics and Astronautics}
}

@article{qian2016uncertainty,
  title={Uncertainty quantification in climate modeling and projection},
  author={Qian, Yun and Jackson, Charles and Giorgi, Filippo and Booth, Ben and Duan, Qingyun and Forest, Chris and Higdon, Dave and Hou, Z Jason and Huerta, Gabriel},
  journal={Bulletin of the American Meteorological Society},
  volume={97},
  number={5},
  pages={821--824},
  year={2016}
}

@article{katz2013uncertainty,
  title={Uncertainty analysis in climate change assessments},
  author={Katz, Richard W and Craigmile, Peter F and Guttorp, Peter and Haran, Murali and Sans{\'o}, Bruno and Stein, Michael L},
  journal={Nature Climate Change},
  volume={3},
  number={9},
  pages={769--771},
  year={2013},
  publisher={Nature Publishing Group}
}

@article{constantinescu2010computational,
  title={A computational framework for uncertainty quantification and stochastic optimization in unit commitment with wind power generation},
  author={Constantinescu, Emil M and Zavala, Victor M and Rocklin, Matthew and Lee, Sangmin and Anitescu, Mihai},
  journal={IEEE Transactions on Power Systems},
  volume={26},
  number={1},
  pages={431--441},
  year={2010},
  publisher={IEEE}
}

@article{najm2009uncertainty,
  title={Uncertainty quantification and polynomial chaos techniques in computational fluid dynamics},
  author={Najm, Habib N},
  journal={Annual Review of Fluid Mechanics},
  volume={41},
  pages={35--52},
  year={2009},
  publisher={Annual Reviews}
}

@inproceedings{oliver2011bayesian,
  title={Bayesian uncertainty quantification applied to {RANS} turbulence models},
  author={Oliver, Todd A and Moser, Robert D},
  booktitle={Journal of Physics: Conference Series},
  volume={318},
  number={4},
  pages={042032},
  year={2011},
  organization={IOP Publishing}
}

@article{schefzik2013uncertainty,
  title={Uncertainty quantification in complex simulation models using ensemble copula coupling},
  author={Schefzik, Roman and Thorarinsdottir, Thordis L and Gneiting, Tilmann and others},
  journal={Statistical Science},
  volume={28},
  number={4},
  pages={616--640},
  year={2013},
  publisher={Institute of Mathematical Statistics}
}

@techreport{baker2020covid,
  title={Covid-induced economic uncertainty},
  author={Baker, Scott R and Bloom, Nicholas and Davis, Steven J and Terry, Stephen J},
  year={2020},
  institution={National Bureau of Economic Research}
}

@article{begoli2019need,
  title={The need for uncertainty quantification in machine-assisted medical decision making},
  author={Begoli, Edmon and Bhattacharya, Tanmoy and Kusnezov, Dimitri},
  journal={Nature Machine Intelligence},
  volume={1},
  number={1},
  pages={20--23},
  year={2019},
  publisher={Nature Publishing Group}
}

@book{kochenderfer2015decision,
  title={Decision making under uncertainty: theory and application},
  author={Kochenderfer, Mykel J},
  year={2015},
  publisher={MIT press}
}

@inproceedings{brechtel2014probabilistic,
  title={Probabilistic decision-making under uncertainty for autonomous driving using continuous {POMDPs}},
  author={Brechtel, Sebastian and Gindele, Tobias and Dillmann, R{\"u}diger},
  booktitle={17th International IEEE Conference on Intelligent Transportation Systems (ITSC)},
  pages={392--399},
  year={2014},
  organization={IEEE}
}

@inproceedings{feng2018towards,
  title={Towards safe autonomous driving: Capture uncertainty in the deep neural network for lidar 3d vehicle detection},
  author={Feng, Di and Rosenbaum, Lars and Dietmayer, Klaus},
  booktitle={2018 21st International Conference on Intelligent Transportation Systems (ITSC)},
  pages={3266--3273},
  year={2018},
  organization={IEEE}
}

@inproceedings{xu2014motion,
  title={Motion planning under uncertainty for on-road autonomous driving},
  author={Xu, Wenda and Pan, Jia and Wei, Junqing and Dolan, John M},
  booktitle={2014 IEEE International Conference on Robotics and Automation (ICRA)},
  pages={2507--2512},
  year={2014},
  organization={IEEE}
}

@article{FERSON2004355,
title = {Summary from the epistemic uncertainty workshop: consensus amid diversity},
journal = {Reliability Engineering \& System Safety},
volume = {85},
number = {1},
pages = {355-369},
year = {2004},
note = {Alternative Representations of Epistemic Uncertainty},
issn = {0951-8320},
doi = {https://doi.org/10.1016/j.ress.2004.03.023},
url = {https://www.sciencedirect.com/science/article/pii/S0951832004000729},
author = {Scott Ferson and Cliff A. Joslyn and Jon C. Helton and William L. Oberkampf and Kari Sentz},
keywords = {Epistemic uncertainty, Challenge Problems, Aleatory uncertainty, Aggregation, Repeated parameters, Interval uncertainty, Independence in imprecise probability models}
}

@inproceedings{oliver2011bayesian,
  title={Bayesian uncertainty quantification applied to {RANS} turbulence models},
  author={Oliver, Todd A and Moser, Robert D},
  booktitle={Journal of Physics: Conference Series},
  volume={318},
  number={4},
  pages={042032},
  year={2011},
  organization={IOP Publishing}
}

@article{cheung2011bayesian,
  title={Bayesian uncertainty analysis with applications to turbulence modeling},
  author={Cheung, Sai Hung and Oliver, Todd A and Prudencio, Ernesto E and Prudhomme, Serge and Moser, Robert D},
  journal={Reliability Engineering \& System Safety},
  volume={96},
  number={9},
  pages={1137--1149},
  year={2011},
  publisher={Elsevier}
}

@inproceedings{dow2011quantification,
  title={Quantification of Structural Uncertainties in the k-w Turbulence Model},
  author={Dow, Eric and Wang, Qiqi},
  booktitle={52nd AIAA/ASME/ASCE/AHS/ASC Structures, Structural Dynamics and Materials Conference},
  pages={1762},
  year={2011}
}

@inproceedings{rumsey2010description,
  title={Description of a website resource for turbulence modeling verification and validation},
  author={Rumsey, Chris and Smith, Brian and Huang, George},
  booktitle={40th Fluid Dynamics Conference and Exhibit},
  pages={4742},
  year={2010}
}

@book{botero2019generative,
  title={Generative Bayesian networks for conceptual aircraft design},
  author={Botero, Emilio M},
  year={2019},
  publisher={Stanford University}
}

@inproceedings{botero2016suave,
  title={{SUAVE}: {An} open-source environment for conceptual vehicle design and optimization},
  author={Botero, Emilio M and Wendorff, Andrew and MacDonald, Timothy and Variyar, Anil and Vegh, Julius M and Lukaczyk, Trent W and Alonso, Juan J and Orra, Tarik H and Ilario da Silva, Carlos},
  booktitle={54th AIAA Aerospace Sciences Meeting},
  pages={1275},
  year={2016}
}

@article{xu2011adaptive,
  title={Adaptive sampling for learning Gaussian processes using mobile sensor networks},
  author={Xu, Yunfei and Choi, Jongeun},
  journal={Sensors},
  volume={11},
  number={3},
  pages={3051--3066},
  year={2011},
  publisher={Molecular Diversity Preservation International}
}

@article{lee2020propagation,
  title={Propagation of uncertainty in the mechanical and biological response of growing tissues using multi-fidelity {Gaussian} process regression},
  author={Lee, Taeksang and Bilionis, Ilias and Tepole, Adrian Buganza},
  journal={Computer Methods in Applied Mechanics and Engineering},
  volume={359},
  pages={112724},
  year={2020},
  publisher={Elsevier}
}

@inproceedings{damianou2013deep,
  title={Deep {Gaussian} processes},
  author={Damianou, Andreas and Lawrence, Neil D},
  booktitle={Artificial Intelligence and Statistics},
  pages={207--215},
  year={2013},
  organization={PMLR}
}

@inproceedings{keshmiri2005development,
  title={Development of an aerodynamic database for a generic hypersonic air vehicle},
  author={Keshmiri, Shah and Colgren, Richard and Mirmirani, Maj},
  booktitle={AIAA Guidance, Navigation, and Control Conference and Exhibit},
  pages={6257},
  year={2005}
}

@article{gnoffo1999prediction,
  title={Prediction and validation of {Mars} Pathfinder hypersonic aerodynamic database},
  author={Gnoffo, Peter A and Braun, Robert D and Weilmuenster, K James and Mitcheltree, Robert A and Engelund, Walter C and Powell, Richard W},
  journal={Journal of Spacecraft and Rockets},
  volume={36},
  number={3},
  pages={367--373},
  year={1999}
}

@article{engelund2001aerodynamic,
  title={Aerodynamic database development for the hyper-X airframe-integrated scramjet propulsion experiments},
  author={Engelund, Walter C and Holland, Scott D and Cockrell Jr, Charles E and Bittner, Robert D},
  journal={Journal of Spacecraft and Rockets},
  volume={38},
  number={6},
  pages={803--810},
  year={2001}
}

@article{janssen2013monte,
  title={{Monte-Carlo} based uncertainty analysis: {Sampling} efficiency and sampling convergence},
  author={Janssen, Hans},
  journal={Reliability Engineering \& System Safety},
  volume={109},
  pages={123--132},
  year={2013},
  publisher={Elsevier}
}

@article{thompson1992monte,
  title={{Monte Carlo} techniques for quantitative uncertainty analysis in public health risk assessments},
  author={Thompson, Kimberly M and Burmaster, David E and Crouch3, Edmund AC},
  journal={Risk Analysis},
  volume={12},
  number={1},
  pages={53--63},
  year={1992},
  publisher={Wiley Online Library}
}

@article{coleman1995engineering,
  title={Engineering application of experimental uncertainty analysis},
  author={Coleman, Hugh W and Steele, W Glenn},
  journal={AIAA journal},
  volume={33},
  number={10},
  pages={1888--1896},
  year={1995}
}

@inproceedings{allmaras2012modifications,
  title={Modifications and clarifications for the implementation of the {Spalart-Allmaras} turbulence model},
  author={Allmaras, Steven R and Johnson, Forrester T},
  booktitle={Seventh International Conference on Computational Fluid Dynamics (ICCFD7)},
  pages={1--11},
  year={2012},
  organization={Big Island, HI}
}

@article{mishra2019uncertainty,
  title={Uncertainty estimation module for turbulence model predictions in {SU2}},
  author={Mishra, Aashwin Ananda and Mukhopadhaya, Jayant and Iaccarino, Gianluca and Alonso, Juan},
  journal={AIAA Journal},
  volume={57},
  number={3},
  pages={1066--1077},
  year={2019},
  publisher={American Institute of Aeronautics and Astronautics}
}

@inproceedings{alonso2017scalable,
  title={Scalable environment for quantification of uncertainty and optimization in industrial applications ({SEQUOIA})},
  author={Alonso, Juan J and Eldred, Michael S and Constantine, Paul and Duraisamy, Karthikeyan and Farhat, Charbel and Iaccarino, Gianluca and Jakeman, John},
  booktitle={19th AIAA Non-Deterministic Approaches Conference},
  pages={1327},
  year={2017}
}

@article{cook2019optimization,
  title={Optimization under turbulence model uncertainty for aerospace design},
  author={Cook, Laurence W and Mishra, AA and Jarrett, JP and Willcox, KE and Iaccarino, G},
  journal={Physics of Fluids},
  volume={31},
  number={10},
  pages={105111},
  year={2019},
  publisher={AIP Publishing LLC}
}

@article{bruner_nasa_2010,
	title = {{NASA} {N}+3 subsonic fixed wing silent efficient low-emissions commercial transport ({SELECT}) vehicle study},
	language = {en},
	author = {Bruner, Sam and Baber, Scott and Harris, Chris and Caldwell, Nicholas and Keding, Peter and Rahrig, Kyle and Pho, Luck and Wlezian, Richard},
	year = {2010},
	pages = {187},
}


@inproceedings{silva_vtol_2018,
	address = {Atlanta, Georgia},
	title = {{VTOL} Urban Air Mobility Concept Vehicles for Technology Development},
	isbn = {978-1-62410-556-2},
	url = {https://arc.aiaa.org/doi/10.2514/6.2018-3847},
	doi = {10.2514/6.2018-3847},
	language = {en},
	urldate = {2021-04-23},
	booktitle = {2018 {Aviation} {Technology}, {Integration}, and {Operations} {Conference}},
	publisher = {American Institute of Aeronautics and Astronautics},
	author = {Silva, Christopher and Johnson, Wayne R. and Solis, Eduardo and Patterson, Michael D. and Antcliff, Kevin R.},
	month = jun,
	year = {2018}
}
